<record><leader>00000cas a22000007a 4500</leader><controlfield tag="001">15080122</controlfield><controlfield tag="008">870116d18631867inuwr ne      0    0eng d</controlfield><datafield ind1=" " ind2=" " tag="010"><subfield code="a">sn 87055070 </subfield></datafield><datafield ind1=" " ind2=" " tag="040"><subfield code="a">NPI</subfield><subfield code="b">eng</subfield><subfield code="c">NPI</subfield><subfield code="d">OCLCQ</subfield></datafield><datafield ind1=" " ind2=" " tag="042"><subfield code="a">msc</subfield></datafield><datafield ind1="0" ind2="0" tag="245"><subfield code="a">Grant County union.</subfield></datafield><datafield ind1=" " ind2=" " tag="260"><subfield code="a">Marion, Ind. :</subfield><subfield code="b">Kelley &amp; Eward</subfield></datafield><datafield ind1=" " ind2=" " tag="310"><subfield code="a">Weekly</subfield></datafield><datafield ind1="1" ind2=" " tag="362"><subfield code="a">Began in 1863; ceased in Aug. 1867.</subfield></datafield><datafield ind1=" " ind2=" " tag="588"><subfield code="a">Description based on: Vol. 1, no. 12 (Aug. 6, 1863).</subfield></datafield><datafield ind1=" " ind2=" " tag="752"><subfield code="a">United States</subfield><subfield code="b">Indiana</subfield><subfield code="c">Grant</subfield><subfield code="d">Marion.</subfield></datafield><datafield ind1="0" ind2="0" tag="780"><subfield code="t">Grant County Republican (Marion, Ind.)</subfield><subfield code="w">(DLC)sn 87055069</subfield></datafield><datafield ind1="0" ind2="0" tag="785"><subfield code="t">Marion weekly chronicle (Marion, Ind. : 1867)</subfield><subfield code="w">(DLC)sn 87056812</subfield></datafield></record>